<?xml version="1.0" encoding="UTF-8"?><collection xmlns="http://www.loc.gov/MARC21/slim"><record><leader>00524nam--2200181-i-4500</leader><controlfield tag="001">000023772</controlfield><controlfield tag="002">20161230</controlfield><controlfield tag="005">20161230201035</controlfield><controlfield tag="008">060222s1000------------r-----000-0-eng-d</controlfield><datafield ind1=" " ind2=" " tag="040"><subfield code="a">IFIIN-HH</subfield></datafield><datafield ind1=" " ind2=" " tag="080"><subfield code="a">620.191:539.12.04:539.172.6(083.5)</subfield></datafield><datafield ind1="1" ind2=" " tag="100"><subfield code="a">Mayer, J.W</subfield></datafield><datafield ind1="1" ind2="0" tag="245"><subfield code="a">Ion beam handbook for material analysis</subfield><subfield code="c">J.w. mayer, e. rimini (coord. eds.)</subfield></datafield><datafield ind1=" " ind2=" " tag="260"><subfield code="a">New York</subfield><subfield code="b">Academic Press,Inc</subfield><subfield code="c">1977</subfield></datafield><datafield ind1=" " ind2=" " tag="300"><subfield code="a">XXII+488P</subfield></datafield><datafield ind1="1" ind2=" " tag="700"><subfield code="a">Rimini, E</subfield><subfield code="e">Ed</subfield></datafield><datafield ind1=" " ind2=" " tag="852"><subfield code="a">45863</subfield><subfield code="c">620:620.19</subfield></datafield><datafield ind1=" " ind2=" " tag="CAT"><subfield code="a">Sys</subfield><subfield code="c">20160504</subfield><subfield code="h">100054</subfield></datafield></record></collection>